<record><leader>00000cas a22000007a 4500</leader><controlfield tag="001">37219441</controlfield><controlfield tag="008">970630d19481949ncuwr ne      0    0eng d</controlfield><datafield ind1=" " ind2=" " tag="010"><subfield code="a">sn 97064524 </subfield></datafield><datafield ind1=" " ind2=" " tag="040"><subfield code="a">NVJ</subfield><subfield code="b">eng</subfield><subfield code="c">NVJ</subfield><subfield code="d">OCLCQ</subfield></datafield><datafield ind1=" " ind2=" " tag="042"><subfield code="a">msc</subfield></datafield><datafield ind1="0" ind2=" " tag="130"><subfield code="a">Greensboro sun (Greensboro, N.C. : 1948)</subfield></datafield><datafield ind1="1" ind2="4" tag="245"><subfield code="a">The Greensboro sun.</subfield></datafield><datafield ind1="1" ind2="3" tag="246"><subfield code="a">Greensboro sun and beacon</subfield></datafield><datafield ind1=" " ind2=" " tag="260"><subfield code="a">Greensboro, N.C. :</subfield><subfield code="b">Thomas E. Wagg</subfield></datafield><datafield ind1=" " ind2=" " tag="300"><subfield code="a">v.</subfield></datafield><datafield ind1=" " ind2=" " tag="310"><subfield code="a">Weekly</subfield></datafield><datafield ind1="0" ind2=" " tag="362"><subfield code="a">Vol. 3, no. 20 (July 15, 1948)-v. 4 no. 27 (Sept. 1, 1949).</subfield></datafield><datafield ind1=" " ind2=" " tag="752"><subfield code="a">United States</subfield><subfield code="b">North Carolina</subfield><subfield code="c">Guilford</subfield><subfield code="d">Greensboro.</subfield></datafield><datafield ind1="0" ind2="0" tag="780"><subfield code="t">Beacon (Greensboro, N.C. : 1946)</subfield><subfield code="w">(DLC)sn 97064523</subfield></datafield><datafield ind1="0" ind2="4" tag="785"><subfield code="t">Greensboro this week</subfield><subfield code="w">(DLC)sn 98058836</subfield></datafield></record>